<?xml version="1.0" encoding="UTF-8"?><record xmlns="http://www.loc.gov/MARC21/slim" xmlns:cinclude="http://apache.org/cocoon/include/1.0" xmlns:zs="http://www.loc.gov/zing/srw/">
  <leader>00431nz  a2200133n  4500</leader>
  <controlfield tag="001">n  85102413 </controlfield>
  <controlfield tag="003">DLC</controlfield>
  <controlfield tag="005">19850823133458.4</controlfield>
  <controlfield tag="008">850429n| acannaab|          |a aaa |||  </controlfield>
  <datafield tag="010" ind1=" " ind2=" ">
    <subfield code="a">n  85102413 </subfield>
  </datafield>
  <datafield tag="040" ind1=" " ind2=" ">
    <subfield code="a">DLC</subfield>
    <subfield code="c">DLC</subfield>
    <subfield code="d">DLC</subfield>
  </datafield>
  <datafield tag="100" ind1="1" ind2="0">
    <subfield code="a">Stalʹnoĭ, I. F.</subfield>
    <subfield code="q">(Ivan Filippovich)</subfield>
  </datafield>
  <datafield tag="400" ind1="1" ind2="0">
    <subfield code="a">Stalʹnoĭ, Ivan Filippovich</subfield>
  </datafield>
  <datafield tag="670" ind1=" " ind2=" ">
    <subfield code="a">His ASU moskovskikh stroiteleĭ, 1984:</subfield>
    <subfield code="b">t.p. (I. F. Stalʹnoĭ) colophon (Ivan Filippovich Stalʹnoĭ)</subfield>
  </datafield>
</record>